<record><leader>00000cas a22000007a 4500</leader><controlfield tag="001">15965260</controlfield><controlfield tag="008">870615c19869999utuwr ne      0    0eng d</controlfield><controlfield tag="009">5593</controlfield><datafield ind1=" " ind2=" " tag="010"><subfield code="a">sn 86091572 </subfield></datafield><datafield ind1=" " ind2=" " tag="040"><subfield code="a">UNP</subfield><subfield code="b">eng</subfield><subfield code="c">UNP</subfield><subfield code="d">OCLCQ</subfield></datafield><datafield ind1="1" ind2=" " tag="029"><subfield code="a">AU@</subfield><subfield code="b">000025287578</subfield></datafield><datafield ind1=" " ind2=" " tag="037"><subfield code="b">154 North Main #104, Box 1138, Cedar City, UT 84720-1138</subfield></datafield><datafield ind1=" " ind2=" " tag="042"><subfield code="a">msc</subfield></datafield><datafield ind1="0" ind2="4" tag="245"><subfield code="a">The Iron County review.</subfield></datafield><datafield ind1=" " ind2=" " tag="260"><subfield code="a">Cedar City, Utah :</subfield><subfield code="b">3R Pub.,</subfield><subfield code="c">1986-</subfield></datafield><datafield ind1=" " ind2=" " tag="300"><subfield code="a">v. :</subfield><subfield code="b">ill. ;</subfield><subfield code="c">58 cm.</subfield></datafield><datafield ind1=" " ind2=" " tag="310"><subfield code="a">Weekly</subfield></datafield><datafield ind1="0" ind2=" " tag="362"><subfield code="a">Vol. 1, no. 1 (May 1, 1986)-</subfield></datafield><datafield ind1=" " ind2=" " tag="752"><subfield code="a">United States</subfield><subfield code="b">Utah</subfield><subfield code="c">Iron</subfield><subfield code="d">Cedar City.</subfield></datafield></record>